,-------------------.
|  BIBTEX ENTRIES   |
`-------------------'

@manual{Winfonts,
  author =        {Paul Pichaureau},
  month =         {January},
  note =              {\url{http://www.ctan.org/tex-archive/fonts/winfonts/}},
  title =         {Winfonts \& Windingbats. Two Packages to Use
                   {W}indows Core Fonts},
  year =          {2006},
}

@manual{fontname,
  author =        {Karl Berry},
  month =         {September},
  note =
  {\url{http://www.ctan.tug.org/tex-archive/info/fontname}},
  title =         {Fontname. Filenames For {\TeX} Fonts},
  year =          {2005},
}

@manual{fontinstallationguide,
  author =        {Philipp Lehman},
  month =         {December},
  note =
  {\url{http://www.ctan.org/tex-archive/info/Type1fonts/fontinstallationguide}%
},
  title =         {The Font Installation Guide},
  year =          {2004},
}

@book{Hoenig98:TeXUnbound,
  author =        {Alan Hoenig},
  publisher =     {Oxford University Press, USA},
  title =         {{\TeX} Unbound: {\LaTeX} and {\TeX} Strategies for
                   Fonts, Graphics, and More},
  year =          {1998},
}

@manual{Schmidt04:PSNFSS9.2,
  author =        {Walter Schmidt},
  month =         {September},
  note =
  {\url{http://ctan.tug.org/tex-archive/macros/latex/required/psnfss}},
  title =         {Using Common {P}ost{S}cript Fonts With {\LaTeX}.
                   {PSNFSS} Version 9.2},
  year =          {2004},
}

@Manual{Downes04:amsart,
  title = 	 {The \textsf{amsart}, \textsf{amsproc}, and 
                  \textsf{amsbook} document~classes},
  author =	 {Michael Downes and Barbara Beeton},
  organization = {American Mathematical Society},
  year =	 2004,
  month =        {August},
  note =	 {\url{http://www.ctan.org/tex-archive/macros/latex/required/amslatex/classes}}
}
